@book{robinson1974nonstandard,
  title={Non-standard analysis},
  author={Robinson, Abraham},
  year={1974},
  publisher={Princeton University Press}
}

@article{robinson1961nonstandard,
  title={Non-standard analysis},
  journal={Proceedings of the Royal Academy of Sciences of Amsterdaam},
  author={Robinson, Abraham},
  volume={64},
  year={1961}
}

@article{abramsky2009categorical,
  title={Categorical quantum mechanics},
  author={Abramsky, Samson and Coecke, Bob},
  journal={Handbook of quantum logic and quantum structures: quantum logic},
  pages={261--324},
  year={2009},
  publisher={Elsevier}
}

@article{abramsky2012hstaralgebras,
  title={H*-algebras and nonunital Frobenius algebras: first steps in infinite-dimensional categorical quantum mechanics},
  author={Abramsky, Samson and Heunen, Chris},
  journal={Clifford Lectures},
  volume={71},
  pages={1--24},
  year={2012}
}

@article{coecke2011interacting,
  title={Interacting quantum observables: categorical algebra and diagrammatics},
  author={Coecke, Bob and Duncan, Ross},
  journal={New Journal of Physics},
  volume={13},
  number={4},
  pages={043016},
  year={2011},
  publisher={IOP Publishing}
}

@article{coecke2008classical,
  title={Classical and quantum structuralism},
  author={Coecke, Bob and Paquette, Eric Oliver and Pavlovic, Dusko},
  journal={Semantic techniques for quantum computation},
  pages={43},
  year={2008}
}

@phdthesis{kissinger2012pictures,
  title={Pictures of processes: automated graph rewriting for monoidal categories and applications to quantum computing},
  author={Kissinger, Aleks},
  year={2012}
}

@article{ambrose1945structure,
  title={Structure theorems for a special class of Banach algebras},
  author={Ambrose, Warren},
  journal={Transactions of the American Mathematical Society},
  volume={57},
  number={3},
  pages={364--386},
  year={1945},
  publisher={JSTOR}
}

@article{gogioso2015categorical,
  title={{Categorical semantics for Schr\"{o}dinger's equation}},
  author={Gogioso, Stefano},
  journal={In QPL 2015, arXiv:1501.06489},
  year={2015}
}

@article{jesseph1998leibniz,
  title={Leibniz on the foundations of the calculus: The question of the reality of infinitesimal magnitudes},
  author={Jesseph, Douglas Michael},
  journal={Perspectives on Science},
  volume={6},
  number={1},
  pages={6--40},
  year={1998},
  publisher={The MIT Press}
}

@article{leibniz1884nova,
  title={Nova methodus pro maximis et minimis itemque tangentibus, quae nec fractas nec irrationales quantitates moratur, et singulare pro illis calculi genus},
  author={Leibniz, Gottfried Wilhelm},
  year={1684},
  journal={Acta Eruditorum},
  editor={Mencke, Otto},
  publisher={Gleditsch, Johann Friedrich}
}

@article{Farrukh1975application,
  title = {Application of nonstandard analysis to quantum mechanics},
  author = {Farrukh, M. O.},
  journal = {Journal of Mathematical Physics},
  volume = {16},
  number = {2}, 
  year = {1975},
  pages = {177--200},
  publisher={AIP Publishing}
}

@article{raab2004approach,
  title={An approach to nonstandard quantum mechanics},
  author={Raab, Andreas},
  journal={Journal of mathematical physics},
  volume={45},
  number={12},
  pages={4791--4809},
  year={2004},
  publisher={AIP Publishing}
}

@Article{yamashita2002bnib,
author={Yamashita, Hideyasu},
title={Nonstandard Methods in Quantum Field Theory I: A Hyperfinite Formalism of Scalar Fields},
journal={International Journal of Theoretical Physics},
volume={41},
number={3},
year={2002},
pages={511--527}
}

@article{gudder1994toward,
  title={Toward a rigorous quantum field theory},
  author={Gudder, Stanley},
  journal={Foundations of Physics},
  volume={24},
  number={9},
  pages={1205--1225},
  year={1994},
  publisher={Springer}
}

@inproceedings{vicary2013topological,
  title={Topological structure of quantum algorithms},
  author={Vicary, Jamie},
  booktitle={Proceedings of the 2013 28th Annual ACM/IEEE Symposium on Logic in Computer Science},
  pages={93--102},
  year={2013},
  organization={IEEE Computer Society}
}